@article{Georgi_1974,
  author  = {Georgi, H. and Glashow, S. L.},
  title   = {{Unity of All Elementary Particle Forces}},
  doi     = {10.1103/PhysRevLett.32.438},
  journal = {Phys. Rev. Lett.},
  volume  = {32},
  pages   = {438--441},
  year    = {1974}
}

@article{Hiller_2014,
  author        = {Hiller, Gudrun and Schmaltz, Martin},
  title         = {{$R_K$ and future $b \to s \ell \ell$ physics beyond the standard model opportunities}},
  eprint        = {1408.1627},
  archiveprefix = {arXiv},
  primaryclass  = {hep-ph},
  reportnumber  = {DO-TH-14-17},
  doi           = {10.1103/PhysRevD.90.054014},
  journal       = {Phys. Rev. D},
  volume        = {90},
  pages         = {054014},
  year          = {2014}
}

@article{Mahanta_2000,
  title     = {Neutrino masses and mixing angles from leptoquark interactions},
  volume    = {62},
  ISSN      = {1089-4918},
  DOI       = {10.1103/physrevd.62.073009},
  number    = {7},
  journal   = {Physical Review D},
  publisher = {American Physical Society (APS)},
  author    = {Mahanta, Uma},
  year      = {2000},
  month     = sep
}


@article{Crivellin_2022,
  title     = {Complete Lagrangian and set of Feynman rules for scalar leptoquarks},
  volume    = {271},
  ISSN      = {0010-4655},
  DOI       = {10.1016/j.cpc.2021.108188},
  journal   = {Computer Physics Communications},
  publisher = {Elsevier BV},
  author    = {Crivellin, Andreas and Schnell, Luc},
  year      = {2022},
  month     = feb, 
  pages     = {108188} 
}


@article{Dorsner_2021,
  title     = {Novel leptoquark pair production at LHC},
  volume    = {2021},
  ISSN      = {1029-8479},
  DOI       = {10.1007/jhep05(2021)167},
  number    = {5},
  journal   = {Journal of High Energy Physics},
  publisher = {Springer Science and Business Media LLC},
  author    = {Doršner, Ilja and Fajfer, Svjetlana and Lejlić, Ajla},
  year      = {2021},
  month     = may
}


@article{Dorsner_2023,
  title     = {Asymmetric leptoquark pair production at LHC},
  volume    = {2023},
  ISSN      = {1029-8479},
  DOI       = {10.1007/jhep03(2023)025},
  number    = {3},
  journal   = {Journal of High Energy Physics},
  publisher = {Springer Science and Business Media LLC},
  author    = {Doršner, Ilja and Lejlić, Ajla and Saad, Shaikh},
  year      = {2023},
  month     = mar
}


@article{Dorsner_2018,
  title     = {Leptoquark toolbox for precision collider studies},
  volume    = {2018},
  ISSN      = {1029-8479},
  DOI       = {10.1007/jhep05(2018)126},
  number    = {5},
  journal   = {Journal of High Energy Physics},
  publisher = {Springer Science and Business Media LLC},
  author    = {Doršner, Ilja and Greljo, Admir},
  year      = {2018},
  month     = may
}


@misc{resnet,
  title         = {Deep Residual Learning for Image Recognition}, 
  author        = {Kaiming He and Xiangyu Zhang and Shaoqing Ren and Jian Sun},
  year          = {2015},
  eprint        = {1512.03385},
  archivePrefix = {arXiv},
  primaryClass  = {cs.CV},
  url           = {https://arxiv.org/abs/1512.03385}, 
}


@thesis{Yazykov,
  author   = {Yazykov, Vladyslav},
  title    = {Optimization of the ttH Selection Including Systematics Using Machine Learning with ATLAS Data},
  school   = {Prague, Tech. U.},
  year     = {2023},
  url      = {https://cds.cern.ch/record/2871484},
  note     = {Presented 05 Sep 2023},
}